<record><leader>00000cas a22000007a 4500</leader><controlfield tag="001">15511802</controlfield><controlfield tag="008">870410c19uu9999mauwn n       0   a0eng d</controlfield><datafield ind1=" " ind2=" " tag="010"><subfield code="a">sn 87008340 </subfield></datafield><datafield ind1=" " ind2=" " tag="040"><subfield code="a">NSD</subfield><subfield code="b">eng</subfield><subfield code="c">NSD</subfield><subfield code="d">OCLCQ</subfield></datafield><datafield ind1=" " ind2=" " tag="012"><subfield code="k">1</subfield><subfield code="l">1</subfield><subfield code="m">1</subfield></datafield><datafield ind1="1" ind2=" " tag="022"><subfield code="a">0893-3782</subfield><subfield code="l">0893-3782</subfield><subfield code="2">1</subfield></datafield><datafield ind1=" " ind2=" " tag="032"><subfield code="a">047310</subfield><subfield code="b">USPS</subfield></datafield><datafield ind1=" " ind2=" " tag="037"><subfield code="b">The Westborough News, P.O. Box 1153, Westborough, MA 01581</subfield></datafield><datafield ind1=" " ind2=" " tag="042"><subfield code="a">nsdp</subfield></datafield><datafield ind1=" " ind2="4" tag="222"><subfield code="a">The Westborough news</subfield></datafield><datafield ind1="0" ind2="4" tag="245"><subfield code="a">The Westborough news.</subfield></datafield><datafield ind1=" " ind2=" " tag="260"><subfield code="a">Westborough, Mass. :</subfield><subfield code="b">P.T. Jones</subfield></datafield><datafield ind1=" " ind2=" " tag="310"><subfield code="a">Weekly (except July 4 and New Years)</subfield></datafield><datafield ind1=" " ind2=" " tag="588"><subfield code="a">Description based on: Vol. 13, no. 31 (Mar. 6, 1987).</subfield></datafield><datafield ind1=" " ind2=" " tag="588"><subfield code="a">Latest issue consulted: Vol. 15, no. 35 (Apr. 21, 1989).</subfield></datafield><datafield ind1=" " ind2=" " tag="752"><subfield code="a">United States</subfield><subfield code="b">Massachusetts</subfield><subfield code="c">Worcester</subfield><subfield code="d">Westborough.</subfield></datafield><datafield ind1="1" ind2=" " tag="029"><subfield code="a">AU@</subfield><subfield code="b">000025793940</subfield></datafield></record>